[gd_scene load_steps=6 format=2]

[ext_resource path="res://src/menus/TextButton.tscn" type="PackedScene" id=1]
[ext_resource path="res://src/menus/MainMenu.gd" type="Script" id=2]
[ext_resource path="res://fonts/booter.zero-zero.ttf" type="DynamicFontData" id=3]

[sub_resource type="DynamicFont" id=1]
size = 60
font_data = ExtResource( 3 )

[sub_resource type="Environment" id=2]
background_mode = 1

[node name="MainMenu" type="Spatial"]
script = ExtResource( 2 )

[node name="MarginContainer" type="MarginContainer" parent="."]
anchor_right = 1.0
anchor_bottom = 1.0
size_flags_horizontal = 3
size_flags_vertical = 3
__meta__ = {
"_edit_use_anchors_": false
}

[node name="MenuAligner" type="CenterContainer" parent="MarginContainer"]
margin_right = 1024.0
margin_bottom = 600.0
size_flags_horizontal = 3
size_flags_vertical = 3
__meta__ = {
"_edit_use_anchors_": false
}

[node name="MenuAligner" type="VBoxContainer" parent="MarginContainer/MenuAligner"]
margin_left = 376.0
margin_top = 167.0
margin_right = 648.0
margin_bottom = 432.0

[node name="Title" type="Label" parent="MarginContainer/MenuAligner/MenuAligner"]
margin_right = 272.0
margin_bottom = 61.0
custom_fonts/font = SubResource( 1 )
text = "Headless Dungeon"
__meta__ = {
"_edit_use_anchors_": false
}

[node name="CenterContainer" type="CenterContainer" parent="MarginContainer/MenuAligner/MenuAligner"]
margin_top = 65.0
margin_right = 272.0
margin_bottom = 265.0
rect_min_size = Vector2( 0, 200 )

[node name="MainMenu" type="VBoxContainer" parent="MarginContainer/MenuAligner/MenuAligner/CenterContainer"]
margin_left = 76.0
margin_top = 46.0
margin_right = 196.0
margin_bottom = 153.0
rect_min_size = Vector2( 120, 0 )

[node name="NewGameButton" parent="MarginContainer/MenuAligner/MenuAligner/CenterContainer/MainMenu" instance=ExtResource( 1 )]
anchor_right = 0.0
anchor_bottom = 0.0
margin_left = 17.0
margin_right = 102.0
margin_bottom = 33.0
size_flags_vertical = 2
text = "New Game"
button_text = "New Game"

[node name="TextButton" parent="MarginContainer/MenuAligner/MenuAligner/CenterContainer/MainMenu" instance=ExtResource( 1 )]
anchor_right = 0.0
anchor_bottom = 0.0
margin_left = 29.0
margin_top = 37.0
margin_right = 90.0
margin_bottom = 70.0
text = "Settings"
button_text = "Settings"

[node name="ExitGameButton" parent="MarginContainer/MenuAligner/MenuAligner/CenterContainer/MainMenu" instance=ExtResource( 1 )]
anchor_right = 0.0
anchor_bottom = 0.0
margin_left = 19.0
margin_top = 74.0
margin_right = 100.0
margin_bottom = 107.0
text = "Exit Game"
button_text = "Exit Game"

[node name="SettingsMenu" type="VBoxContainer" parent="MarginContainer/MenuAligner/MenuAligner/CenterContainer"]
visible = false
margin_left = 68.0
margin_top = 46.0
margin_right = 204.0
margin_bottom = 153.0

[node name="FullscreenButton" parent="MarginContainer/MenuAligner/MenuAligner/CenterContainer/SettingsMenu" instance=ExtResource( 1 )]
anchor_right = 0.0
anchor_bottom = 0.0
margin_right = 136.0
margin_bottom = 33.0
text = "Toggle Fullscreen"
button_text = "Toggle Fullscreen"

[node name="MusicButton" parent="MarginContainer/MenuAligner/MenuAligner/CenterContainer/SettingsMenu" instance=ExtResource( 1 )]
anchor_right = 0.0
anchor_bottom = 0.0
margin_left = 15.0
margin_top = 37.0
margin_right = 120.0
margin_bottom = 70.0
text = "Toggle Music"
button_text = "Toggle Music"

[node name="SettingsBackButton" parent="MarginContainer/MenuAligner/MenuAligner/CenterContainer/SettingsMenu" instance=ExtResource( 1 )]
anchor_right = 0.0
anchor_bottom = 0.0
margin_left = 49.0
margin_top = 74.0
margin_right = 86.0
margin_bottom = 107.0
text = "Back"
button_text = "Back"

[node name="WorldEnvironment" type="WorldEnvironment" parent="."]
environment = SubResource( 2 )

[node name="Camera" type="Camera" parent="."]
current = true
[connection signal="pressed" from="MarginContainer/MenuAligner/MenuAligner/CenterContainer/MainMenu/NewGameButton" to="." method="_on_NewGameButton_pressed"]
[connection signal="pressed" from="MarginContainer/MenuAligner/MenuAligner/CenterContainer/MainMenu/TextButton" to="." method="_on_TextButton_pressed"]
[connection signal="pressed" from="MarginContainer/MenuAligner/MenuAligner/CenterContainer/MainMenu/ExitGameButton" to="." method="_on_ExitGameButton_pressed"]
[connection signal="pressed" from="MarginContainer/MenuAligner/MenuAligner/CenterContainer/SettingsMenu/FullscreenButton" to="." method="_on_FullscreenButton_pressed"]
[connection signal="pressed" from="MarginContainer/MenuAligner/MenuAligner/CenterContainer/SettingsMenu/MusicButton" to="." method="_on_MusicButton_pressed"]
[connection signal="pressed" from="MarginContainer/MenuAligner/MenuAligner/CenterContainer/SettingsMenu/SettingsBackButton" to="." method="_on_SettingsBackButton_pressed"]
